@misc{dronehunter,
  author    = {Louis Dressel and Mykel J. Kochenderfer},
  title     = {Hunting Drones with Other Drones: Tracking a Moving Radio Target},
}

@article{kyle,
  author    = {Kyle D. Julian and
               Mykel J. Kochenderfer},
  title     = {Distributed Wildfire Surveillance with Autonomous Aircraft using Deep
               Reinforcement Learning},
  journal   = {CoRR},
  volume    = {abs/1810.04244},
  year      = {2018},
  url       = {http://arxiv.org/abs/1810.04244},
  archivePrefix = {arXiv},
  eprint    = {1810.04244},
  timestamp = {Tue, 30 Oct 2018 20:39:56 +0100},
  biburl    = {https://dblp.org/rec/bib/journals/corr/abs-1810-04244},
  bibsource = {dblp computer science bibliography, https://dblp.org}
}
@misc{febol,
  author = {Louis Dressel},
  title = {Filter Exploration for Bearing Only Localization},
  year = {2018},
  publisher = {GitHub},
  journal = {GitHub repository},
  url = {https://github.com/dressel/FEBOL.jl},
  commit = {1541624a9d734f07d4bee53c97881d1ecd59aa52},
}
@article{dqn,
  author    = {Volodymyr Mnih and
               Koray Kavukcuoglu and
               David Silver and
               Alex Graves and
               Ioannis Antonoglou and
               Daan Wierstra and
               Martin A. Riedmiller},
  title     = {Playing Atari with Deep Reinforcement Learning},
  journal   = {CoRR},
  volume    = {abs/1312.5602},
  year      = {2013},
  url       = {http://arxiv.org/abs/1312.5602},
  archivePrefix = {arXiv},
  eprint    = {1312.5602},
  timestamp = {Mon, 13 Aug 2018 16:47:42 +0200},
  biburl    = {https://dblp.org/rec/bib/journals/corr/MnihKSGAWR13},
  bibsource = {dblp computer science bibliography, https://dblp.org}
}

